% This file was created with JabRef 2.10b2.
% Encoding: UTF-8


@Article{arthur1982ergodic,
  Title                    = {The ergodic theorems of demography: a simple proof},
  Author                   = {Arthur, W Brian},
  Journal                  = {Demography},
  Year                     = {1982},
  Number                   = {4},
  Pages                    = {439--445},
  Volume                   = {19},

  Owner                    = {triffe},
  Publisher                = {Springer},
  Timestamp                = {2013.09.15}
}

@Book{brouard1989mouvements,
  Title                    = {Mouvements et mod{\`e}les de population},
  Author                   = {Brouard, Nicolas},
  Publisher                = {Institut de formation et de recherche d{\'e}mographiques},
  Year                     = {1989},

  Owner                    = {triffe},
  Timestamp                = {2014.06.04}
}

@Article{brouard1986structure,
  Title                    = {Structure et dynamique des populations. La pyramide des ann{\'e}es {\`a} vivre, aspects nationaux et exemples r{\'e}gionaux},
  Author                   = {Brouard, Nicolas},
  Journal                  = {Espace, populations, soci{\'e}t{\'e}s},
  Year                     = {1986},
  Number                   = {2},
  Pages                    = {157--168},
  Volume                   = {4},

  Owner                    = {triffe},
  Publisher                = {Universit{\'e} des Sciences et Technologies de Lille},
  Timestamp                = {2014.06.04}
}

@Book{caswell2001matrix,
  Title                    = {Matrix population models: construction, analysis, and interpretation},
  Author                   = {Caswell, H.},
  Publisher                = {Sinaur Associates, Inc. Publishers},
  Year                     = {2001},

  Owner                    = {triffe},
  Timestamp                = {2011.02.09}
}

@Book{coale1972growth,
  Title                    = {The growth and structure of human populations: A mathematical investigation},
  Author                   = {Coale, Ansley J.},
  Publisher                = {Princeton University Press Princeton, NJ},
  Year                     = {1972},

  Owner                    = {triffe},
  Timestamp                = {2013.02.20}
}

@Article{coale1957new,
  Title                    = {{A New Method for Calculating Lotka's r--the Intrinsic Rate of Growth in a Stable Population}},
  Author                   = {Coale, Ansley J.},
  Journal                  = {Population studies},
  Year                     = {1957},
  Number                   = {1},
  Pages                    = {92--94},
  Volume                   = {11},

  ISSN                     = {0032-4728},
  Owner                    = {triffe},
  Publisher                = {JSTOR},
  Timestamp                = {2011.02.15}
}

@Book{cox1962,
  Title                    = {Renewal Theory},
  Author                   = {Cox, David Roxbee},
  Publisher                = {Methuen London},
  Year                     = {1962},
  Volume                   = {4},

  Owner                    = {tim},
  Timestamp                = {2015.11.09}
}

@Article{feller1941integral,
  Title                    = {On the integral equation of renewal theory},
  Author                   = {Feller, Willy},
  Journal                  = {The Annals of Mathematical Statistics},
  Year                     = {1941},
  Number                   = {3},
  Pages                    = {243--267},
  Volume                   = {12},

  Owner                    = {tim},
  Publisher                = {JSTOR},
  Timestamp                = {2015.11.09}
}

@Misc{HFD,
  Title                    = {{Max Planck Institute for Demographic Research (Germany) and Vienna Institute of Demography (Austria).}},

  Author                   = {{Human Fertility Database.}},
  HowPublished             = {online},
  Note                     = {Available at www.humanfertility.org (data downloaded on [October 12, 2015]).},
  Year                     = {2015},

  Owner                    = {triffe},
  Timestamp                = {2013.09.22}
}

@Misc{HMD,
  Title                    = {{{University of California, Berkeley (USA)}} and {Max Planck Institute for Demographic Research (Germany)}},

  Author                   = {{Human Mortality Database}},
  Note                     = {Available at www.mortality.org or www.humanmortality.de (data downloaded October 12, 2015).},

  Owner                    = {triffe},
  Timestamp                = {2014.07.10}
}

@Article{leslie1945use,
  Title                    = {On the use of matrices in certain population mathematics},
  Author                   = {Leslie, Patrick H},
  Journal                  = {Biometrika},
  Year                     = {1945},
  Number                   = {3},
  Pages                    = {183--212},
  Volume                   = {33},

  Owner                    = {tim},
  Publisher                = {JSTOR},
  Timestamp                = {2015.11.09}
}

@Book{pressat1973analyse,
  Title                    = {L'analyse d{\'e}mographique: concepts, m{\'e}thodes, r{\'e}sultats},
  Author                   = {Pressat, Roland},
  Publisher                = {Presses universitaires de France},
  Year                     = {1973},
  Edition                  = {3},

  Owner                    = {tim},
  Timestamp                = {2014.09.01}
}

@Article{riffe2015force,
  Title                    = {The force of mortality by life lived is the force of increment by life left in stationary populations},
  Author                   = {Riffe, Tim},
  Journal                  = {Demographic Research},
  Year                     = {2015},
  Number                   = {29},
  Pages                    = {827--834},
  Volume                   = {32},

  Owner                    = {tim},
  Publisher                = {Max Planck Institute for Demographic Research, Rostock, Germany},
  Timestamp                = {2015.10.19}
}

@Article{riffe2015ttd,
  Title                    = {Time-to-death patterns in markers of age and dependency},
  Author                   = {Riffe, Tim and Chung, Pil H. and Spijker, Jeroen and MacInnes, John},
  Journal                  = {MPIDR Working Papers},
  Year                     = {2015},
  Number                   = {3},
  Pages                    = {25},
  Volume                   = {WP-2015},

  Owner                    = {riffe},
  Timestamp                = {2015.08.05}
}

@Article{sharpe1911problem,
  Title                    = {L. A problem in age-distribution},
  Author                   = {Sharpe, Francis R and Lotka, Alfred J},
  Journal                  = {The London, Edinburgh, and Dublin Philosophical Magazine and Journal of Science},
  Year                     = {1911},
  Number                   = {124},
  Pages                    = {435--438},
  Volume                   = {21},

  Owner                    = {tim},
  Publisher                = {Taylor \& Francis},
  Timestamp                = {2015.11.09}
}

@Article{vaupel2009life,
  Title                    = {Life lived and left: Carey's equality},
  Author                   = {Vaupel, James W},
  Journal                  = {Demographic Research},
  Year                     = {2009},
  Number                   = {3},
  Pages                    = {7--10},
  Volume                   = {20},

  Owner                    = {triffe},
  Publisher                = {Max Planck Institute for Demographic Research, Rostock, Germany},
  Timestamp                = {2013.02.22}
}

@Article{wolf2015disability,
  Title                    = {Disability Trajectories at the End of Life: A “Countdown” Model},
  Author                   = {Wolf, Douglas A and Freedman, Vicki A and Ondrich, Jan I and Seplaki, Christopher L and Spillman, Brenda C},
  Journal                  = {The Journals of Gerontology Series B: Psychological Sciences and Social Sciences},
  Year                     = {2015},
  Number                   = {5},
  Pages                    = {gbu182},
  Volume                   = {70},

  Owner                    = {tim},
  Publisher                = {Oxford University Press},
  Timestamp                = {2015.11.06}
}

